@article{applybyai,
  author       = {Parekh, Soham and Mody, Vidhi and Mody, Vrushti and Bhuse, Pushkar and Sawant, Vinaya}, 
  title        = "{ApplyByAI: An Artificially Intelligent Recruitment System}",
  journal      = {PeerJ},
  note         = {(submitted for publication)}
}

@article{friendly,
  author       = {Parekh, Soham and Mody, Vidhi and Mody, Vrushti and Mistry, Kamal}, 
  title        = "{Friend.ly:A Friend Recommendation Systems based on Big5 Personality Traits and Hybrid Filtering}",
  journal      = {PeerJ},
  note         = {(submitted for publication)}
}

@inproceedings{savla2020resq,
  title={ResQ-Smart Safety Band Automated heart rate and fall monitoring system},
  author={Savla, Dev V and Parekh, Soham and Gupta, Ankit R and Agarwal, Devansh and Shekokar, Narendra M},
  booktitle={2020 Fourth International Conference on I-SMAC (IoT in Social, Mobile, Analytics and Cloud)(I-SMAC)},
  pages={588--593},
  year={2020},
  organization={IEEE}
}

@inproceedings{distress,
  title={Distress--An Application for Emergency Response and Disaster Management},
  author={Mody, Vidhi and Mody, Vrushti and Parekh, Soham},
  booktitle={2020 International Conference on Smart Electronics and Communication (ICOSEC)},
  pages={830--836},
  year={2020},
  organization={IEEE}
}

@inproceedings{cloud,
  title={A study on Cloud enabled Applications and their Security Issues},
  author={Mody, Vidhi and Mody, Vrushti and Parekh, Soham},
  booktitle={2020 11th International Conference on Computing, Communication and Networking Technologies (ICCCNT)},
  pages={1--8},
  year={2020},
  organization={IEEE}
}
